%YAML 1.1
%TAG !u! tag:unity3d.com,2011:
--- !u!1 &7412660809656990326
GameObject:
  m_ObjectHideFlags: 0
  m_CorrespondingSourceObject: {fileID: 0}
  m_PrefabInstance: {fileID: 0}
  m_PrefabAsset: {fileID: 0}
  serializedVersion: 6
  m_Component:
  - component: {fileID: 7412660809656990327}
  - component: {fileID: 7412660809656990320}
  m_Layer: 0
  m_Name: DirectLight_001
  m_TagString: Untagged
  m_Icon: {fileID: 0}
  m_NavMeshLayer: 0
  m_StaticEditorFlags: 0
  m_IsActive: 1
--- !u!4 &7412660809656990327
Transform:
  m_ObjectHideFlags: 0
  m_CorrespondingSourceObject: {fileID: 0}
  m_PrefabInstance: {fileID: 0}
  m_PrefabAsset: {fileID: 0}
  m_GameObject: {fileID: 7412660809656990326}
  m_LocalRotation: {x: 0.62815577, y: -0.6007173, z: 0.34110224, w: 0.35806206}
  m_LocalPosition: {x: 0.53627545, y: -0.4, z: 3.31}
  m_LocalScale: {x: 1, y: 1, z: 1}
  m_Children: []
  m_Father: {fileID: 7412660810779319271}
  m_RootOrder: 4
  m_LocalEulerAnglesHint: {x: 59.277004, y: -179.81401, z: -92.452}
--- !u!114 &7412660809656990320
MonoBehaviour:
  m_ObjectHideFlags: 0
  m_CorrespondingSourceObject: {fileID: 0}
  m_PrefabInstance: {fileID: 0}
  m_PrefabAsset: {fileID: 0}
  m_GameObject: {fileID: 7412660809656990326}
  m_Enabled: 1
  m_EditorHideFlags: 0
  m_Script: {fileID: 11500000, guid: c74ce2158ae608549902afb4112fd042, type: 3}
  m_Name: 
  m_EditorClassIdentifier: 
  color: {r: 1, g: 0.909804, b: 0.86666673, a: 1}
  intensity: 5
  shadowSpread: 0.01
  samples: 32
  bitmask: 1
  bakeToIndirect: 0
  shadowmask: 0
  shadowmaskDenoise: 0
  indirectIntensity: 1
  UID: -947537351
--- !u!1 &7412660809875499384
GameObject:
  m_ObjectHideFlags: 0
  m_CorrespondingSourceObject: {fileID: 0}
  m_PrefabInstance: {fileID: 0}
  m_PrefabAsset: {fileID: 0}
  serializedVersion: 6
  m_Component:
  - component: {fileID: 7412660809875499385}
  - component: {fileID: 7412660809875499386}
  m_Layer: 0
  m_Name: SpotLight_001
  m_TagString: Untagged
  m_Icon: {fileID: 0}
  m_NavMeshLayer: 0
  m_StaticEditorFlags: 0
  m_IsActive: 1
--- !u!4 &7412660809875499385
Transform:
  m_ObjectHideFlags: 0
  m_CorrespondingSourceObject: {fileID: 0}
  m_PrefabInstance: {fileID: 0}
  m_PrefabAsset: {fileID: 0}
  m_GameObject: {fileID: 7412660809875499384}
  m_LocalRotation: {x: -0, y: -0, z: -0, w: 1}
  m_LocalPosition: {x: 0.724, y: -1.8921, z: -0.7226}
  m_LocalScale: {x: 1, y: 1, z: 1}
  m_Children: []
  m_Father: {fileID: 7412660810779319271}
  m_RootOrder: 2
  m_LocalEulerAnglesHint: {x: 0, y: 0, z: 0}
--- !u!114 &7412660809875499386
MonoBehaviour:
  m_ObjectHideFlags: 0
  m_CorrespondingSourceObject: {fileID: 0}
  m_PrefabInstance: {fileID: 0}
  m_PrefabAsset: {fileID: 0}
  m_GameObject: {fileID: 7412660809875499384}
  m_Enabled: 1
  m_EditorHideFlags: 0
  m_Script: {fileID: 11500000, guid: 57f24a4aaa0761b45ba25e7e5108e2c7, type: 3}
  m_Name: 
  m_EditorClassIdentifier: 
  UID: 1556022110
  color: {r: 1, g: 0.9126783, b: 0.6745283, a: 1}
  intensity: 15
  shadowSpread: 0.05
  cutoff: 1
  realisticFalloff: 0
  samples: 64
  projMode: 3
  cookie: {fileID: 2800000, guid: 3a66602b8cc7fdd4ab57d07b4176432b, type: 3}
  angle: 30
  innerAngle: 0
  cubemap: {fileID: 0}
  iesFile: {fileID: 102900000, guid: 16cf9c100616cea4b8fcb1cf3c5eee96, type: 3}
  bitmask: 1
  bakeToIndirect: 0
  shadowmask: 0
  indirectIntensity: 1
  falloffMinRadius: 1
--- !u!1 &7412660810188064041
GameObject:
  m_ObjectHideFlags: 0
  m_CorrespondingSourceObject: {fileID: 0}
  m_PrefabInstance: {fileID: 0}
  m_PrefabAsset: {fileID: 0}
  serializedVersion: 6
  m_Component:
  - component: {fileID: 7412660810188064042}
  - component: {fileID: 7412660810188064043}
  m_Layer: 0
  m_Name: Skylight
  m_TagString: Untagged
  m_Icon: {fileID: 0}
  m_NavMeshLayer: 0
  m_StaticEditorFlags: 0
  m_IsActive: 1
--- !u!4 &7412660810188064042
Transform:
  m_ObjectHideFlags: 0
  m_CorrespondingSourceObject: {fileID: 0}
  m_PrefabInstance: {fileID: 0}
  m_PrefabAsset: {fileID: 0}
  m_GameObject: {fileID: 7412660810188064041}
  m_LocalRotation: {x: -0, y: -0, z: -0, w: 1}
  m_LocalPosition: {x: 0, y: 0, z: 0}
  m_LocalScale: {x: 1, y: 1, z: 1}
  m_Children: []
  m_Father: {fileID: 7412660810779319271}
  m_RootOrder: 1
  m_LocalEulerAnglesHint: {x: 0, y: 0, z: 0}
--- !u!114 &7412660810188064043
MonoBehaviour:
  m_ObjectHideFlags: 0
  m_CorrespondingSourceObject: {fileID: 0}
  m_PrefabInstance: {fileID: 0}
  m_PrefabAsset: {fileID: 0}
  m_GameObject: {fileID: 7412660810188064041}
  m_Enabled: 1
  m_EditorHideFlags: 0
  m_Script: {fileID: 11500000, guid: 306a56f30ff21b5439963fc745cfe9cc, type: 3}
  m_Name: 
  m_EditorClassIdentifier: 
  texName: sky.dds
  color: {r: 1, g: 1, b: 1, a: 1}
  intensity: 1.5
  samples: 32
  hemispherical: 1
  bitmask: 1
  bakeToIndirect: 1
  indirectIntensity: 1
  tangentSH: 0
  cubemap: {fileID: 8900000, guid: ff16b8ad51371fd42a1a06d5b047da09, type: 3}
  UID: 1566214001
--- !u!1 &7412660810558357893
GameObject:
  m_ObjectHideFlags: 0
  m_CorrespondingSourceObject: {fileID: 0}
  m_PrefabInstance: {fileID: 0}
  m_PrefabAsset: {fileID: 0}
  serializedVersion: 6
  m_Component:
  - component: {fileID: 7412660810558357895}
  - component: {fileID: 7412660810558357894}
  - component: {fileID: 7412660810558357888}
  m_Layer: 13
  m_Name: Sun
  m_TagString: Untagged
  m_Icon: {fileID: 0}
  m_NavMeshLayer: 0
  m_StaticEditorFlags: 0
  m_IsActive: 1
--- !u!4 &7412660810558357895
Transform:
  m_ObjectHideFlags: 0
  m_CorrespondingSourceObject: {fileID: 0}
  m_PrefabInstance: {fileID: 0}
  m_PrefabAsset: {fileID: 0}
  m_GameObject: {fileID: 7412660810558357893}
  m_LocalRotation: {x: -0.17348358, y: -0.042951953, z: 0.0075734644, w: -0.98387057}
  m_LocalPosition: {x: 0, y: 2.9999998, z: 0}
  m_LocalScale: {x: 1, y: 1, z: 1}
  m_Children: []
  m_Father: {fileID: 7412660810779319271}
  m_RootOrder: 0
  m_LocalEulerAnglesHint: {x: 20, y: 364.999, z: 0}
--- !u!108 &7412660810558357894
Light:
  m_ObjectHideFlags: 0
  m_CorrespondingSourceObject: {fileID: 0}
  m_PrefabInstance: {fileID: 0}
  m_PrefabAsset: {fileID: 0}
  m_GameObject: {fileID: 7412660810558357893}
  m_Enabled: 1
  serializedVersion: 8
  m_Type: 1
  m_Color: {r: 1, g: 0.95686275, b: 0.8392157, a: 1}
  m_Intensity: 1
  m_Range: 10
  m_SpotAngle: 30
  m_CookieSize: 10
  m_Shadows:
    m_Type: 2
    m_Resolution: 3
    m_CustomResolution: -1
    m_Strength: 1
    m_Bias: 0.05
    m_NormalBias: 0
    m_NearPlane: 0.2
  m_Cookie: {fileID: 0}
  m_DrawHalo: 0
  m_Flare: {fileID: 0}
  m_RenderMode: 0
  m_CullingMask:
    serializedVersion: 2
    m_Bits: 4294967295
  m_Lightmapping: 4
  m_LightShadowCasterMode: 0
  m_AreaSize: {x: 1, y: 1}
  m_BounceIntensity: 2
  m_ColorTemperature: 6570
  m_UseColorTemperature: 0
  m_ShadowRadius: 0
  m_ShadowAngle: 0
--- !u!114 &7412660810558357888
MonoBehaviour:
  m_ObjectHideFlags: 0
  m_CorrespondingSourceObject: {fileID: 0}
  m_PrefabInstance: {fileID: 0}
  m_PrefabAsset: {fileID: 0}
  m_GameObject: {fileID: 7412660810558357893}
  m_Enabled: 1
  m_EditorHideFlags: 0
  m_Script: {fileID: 11500000, guid: c74ce2158ae608549902afb4112fd042, type: 3}
  m_Name: 
  m_EditorClassIdentifier: 
  color: {r: 1, g: 0.95686275, b: 0.8392157, a: 1}
  intensity: 1
  shadowSpread: 0.01
  samples: 16
  bitmask: 1
  bakeToIndirect: 0
  shadowmask: 0
  shadowmaskDenoise: 0
  indirectIntensity: 2
  UID: 2069711998
--- !u!1 &7412660810779319270
GameObject:
  m_ObjectHideFlags: 0
  m_CorrespondingSourceObject: {fileID: 0}
  m_PrefabInstance: {fileID: 0}
  m_PrefabAsset: {fileID: 0}
  serializedVersion: 6
  m_Component:
  - component: {fileID: 7412660810779319271}
  m_Layer: 0
  m_Name: _Lights
  m_TagString: Untagged
  m_Icon: {fileID: 0}
  m_NavMeshLayer: 0
  m_StaticEditorFlags: 0
  m_IsActive: 1
--- !u!4 &7412660810779319271
Transform:
  m_ObjectHideFlags: 0
  m_CorrespondingSourceObject: {fileID: 0}
  m_PrefabInstance: {fileID: 0}
  m_PrefabAsset: {fileID: 0}
  m_GameObject: {fileID: 7412660810779319270}
  m_LocalRotation: {x: 0, y: 0, z: 0, w: 1}
  m_LocalPosition: {x: -0.50369096, y: 3.4670508, z: -1.143858}
  m_LocalScale: {x: 1, y: 1, z: 1}
  m_Children:
  - {fileID: 7412660810558357895}
  - {fileID: 7412660810188064042}
  - {fileID: 7412660809875499385}
  - {fileID: 7412660811541181897}
  - {fileID: 7412660809656990327}
  - {fileID: 7412660810945384393}
  m_Father: {fileID: 0}
  m_RootOrder: 0
  m_LocalEulerAnglesHint: {x: 0, y: 0, z: 0}
--- !u!1 &7412660810945384392
GameObject:
  m_ObjectHideFlags: 0
  m_CorrespondingSourceObject: {fileID: 0}
  m_PrefabInstance: {fileID: 0}
  m_PrefabAsset: {fileID: 0}
  serializedVersion: 6
  m_Component:
  - component: {fileID: 7412660810945384393}
  - component: {fileID: 7412660810945384394}
  m_Layer: 0
  m_Name: DirectLight_002
  m_TagString: Untagged
  m_Icon: {fileID: 0}
  m_NavMeshLayer: 0
  m_StaticEditorFlags: 0
  m_IsActive: 1
--- !u!4 &7412660810945384393
Transform:
  m_ObjectHideFlags: 0
  m_CorrespondingSourceObject: {fileID: 0}
  m_PrefabInstance: {fileID: 0}
  m_PrefabAsset: {fileID: 0}
  m_GameObject: {fileID: 7412660810945384392}
  m_LocalRotation: {x: 0.72062576, y: -0.6885907, z: 0.05527136, w: 0.05904599}
  m_LocalPosition: {x: 0.53627545, y: -1.869, z: 2.367}
  m_LocalScale: {x: 1, y: 1, z: 1}
  m_Children: []
  m_Father: {fileID: 7412660810779319271}
  m_RootOrder: 5
  m_LocalEulerAnglesHint: {x: 9.278001, y: -179.904, z: -92.59701}
--- !u!114 &7412660810945384394
MonoBehaviour:
  m_ObjectHideFlags: 0
  m_CorrespondingSourceObject: {fileID: 0}
  m_PrefabInstance: {fileID: 0}
  m_PrefabAsset: {fileID: 0}
  m_GameObject: {fileID: 7412660810945384392}
  m_Enabled: 1
  m_EditorHideFlags: 0
  m_Script: {fileID: 11500000, guid: c74ce2158ae608549902afb4112fd042, type: 3}
  m_Name: 
  m_EditorClassIdentifier: 
  color: {r: 0.9921569, g: 0.9725491, b: 0.9215687, a: 1}
  intensity: 1
  shadowSpread: 0.01
  samples: 32
  bitmask: 1
  bakeToIndirect: 0
  shadowmask: 0
  shadowmaskDenoise: 0
  indirectIntensity: 1
  UID: 863913709
--- !u!1 &7412660811541181896
GameObject:
  m_ObjectHideFlags: 0
  m_CorrespondingSourceObject: {fileID: 0}
  m_PrefabInstance: {fileID: 0}
  m_PrefabAsset: {fileID: 0}
  serializedVersion: 6
  m_Component:
  - component: {fileID: 7412660811541181897}
  - component: {fileID: 7412660811541181898}
  m_Layer: 0
  m_Name: SpotLight_002
  m_TagString: Untagged
  m_Icon: {fileID: 0}
  m_NavMeshLayer: 0
  m_StaticEditorFlags: 0
  m_IsActive: 1
--- !u!4 &7412660811541181897
Transform:
  m_ObjectHideFlags: 0
  m_CorrespondingSourceObject: {fileID: 0}
  m_PrefabInstance: {fileID: 0}
  m_PrefabAsset: {fileID: 0}
  m_GameObject: {fileID: 7412660811541181896}
  m_LocalRotation: {x: -0, y: -0, z: -0, w: 1}
  m_LocalPosition: {x: 0.2846, y: -1.8921, z: -0.7226}
  m_LocalScale: {x: 1, y: 1, z: 1}
  m_Children: []
  m_Father: {fileID: 7412660810779319271}
  m_RootOrder: 3
  m_LocalEulerAnglesHint: {x: 0, y: 0, z: 0}
--- !u!114 &7412660811541181898
MonoBehaviour:
  m_ObjectHideFlags: 0
  m_CorrespondingSourceObject: {fileID: 0}
  m_PrefabInstance: {fileID: 0}
  m_PrefabAsset: {fileID: 0}
  m_GameObject: {fileID: 7412660811541181896}
  m_Enabled: 1
  m_EditorHideFlags: 0
  m_Script: {fileID: 11500000, guid: 57f24a4aaa0761b45ba25e7e5108e2c7, type: 3}
  m_Name: 
  m_EditorClassIdentifier: 
  UID: 836891142
  color: {r: 1, g: 0.9126783, b: 0.6745283, a: 1}
  intensity: 15
  shadowSpread: 0.05
  cutoff: 1
  realisticFalloff: 0
  samples: 64
  projMode: 3
  cookie: {fileID: 2800000, guid: 3a66602b8cc7fdd4ab57d07b4176432b, type: 3}
  angle: 30
  innerAngle: 0
  cubemap: {fileID: 0}
  iesFile: {fileID: 102900000, guid: 16cf9c100616cea4b8fcb1cf3c5eee96, type: 3}
  bitmask: 1
  bakeToIndirect: 0
  shadowmask: 0
  indirectIntensity: 1
  falloffMinRadius: 1
